@inproceedings{Torralba2011,
 author = {Torralba, A. and Efros, A. A.},
 title = {Unbiased Look at Dataset Bias},
 booktitle = {Proceedings of the 2011 IEEE Conference on Computer Vision and Pattern Recognition},
 series = {CVPR '11},
 year = {2011},
 isbn = {978-1-4577-0394-2},
 pages = {1521--1528},
 numpages = {8},
 url = {http://dx.doi.org/10.1109/CVPR.2011.5995347},
 doi = {10.1109/CVPR.2011.5995347},
 acmid = {2191773},
 publisher = {IEEE Computer Society},
 address = {Washington, DC, USA},
 keywords = {algorithm evaluation protocols, contemporary object recognition, data capture, recognition datasets, relative data bias, cross dataset generalization, closed world assumption effects, sample value},
} 


