@inproceedings{Valiant1984,
  doi = {10.1145/800057.808710},
  url = {https://doi.org/10.1145/800057.808710},
  year  = {1984},
  publisher = {{ACM} Press},
  author = {L. G. Valiant},
  title = {A theory of the learnable}
}
@book{Hume2009Tratado,
  title={Tratado da natureza humana - 2a Edi{\c{c}}{\~a}o},
  author={Hume, D.},
  isbn={9788571399013},
  url={https://books.google.com.br/books?id=0FrA3e4MJMAC},
  year={2009},
  publisher={Ed. UNESP}
}

@article{hume2004investigacoes,
  title={Investiga{\c{c}}{\~o}es sobre o entendimento humano e sobre os princ{\'\i}pios da moral},
  author={Hume, David},
  journal={S{\~a}o Paulo: Editora UNESP},
  year={2004}
}
@misc{COLT,
  author = {Association for Computational Learning},
  title = {learningtheory.org},
  year = 2019,
  url = {http://www.learningtheory.org/},
  urldate = {2019-03-21}
}
@misc{MitchelPAC,
  author = {Tom M. Mitchel},
  title = {Machine Learning 10-701 - Lecture 12},
  publisher = {Machine Learning Department - Carnegie Mellon University},
  year = 2011,
  month = Feb,
  day = 24,
  url = {\url{http://www.cs.cmu.edu/~tom/10701_sp11/slides/PAC-learning1-2-24-2011-ann.pdf}},
  urldate = {2019-03-21}
}

@book{FoundationsML,
 author = {Mohri, Mehryar and Rostamizadeh, Afshin and Talwalkar, Ameet},
 title = {Foundations of Machine Learning},
 year = {2012},
 isbn = {026201825X, 9780262018258},
 publisher = {The MIT Press},
} 

@article{Haussler1988,
  doi = {10.1016/0004-3702(88)90002-1},
  url = {https://doi.org/10.1016/0004-3702(88)90002-1},
  year  = {1988},
  month = {sep},
  publisher = {Elsevier {BV}},
  volume = {36},
  number = {2},
  pages = {177--221},
  author = {David Haussler},
  title = {Quantifying inductive bias: {AI} learning algorithms and Valiants learning framework},
  journal = {Artificial Intelligence}
}
